@Book{CLRS,
  author = 	 {Cormen, Thomas H. and Leiserson, Charles E. and
                  Rivest, Ronald L. and Stein, Clifford},
  title = 	 {Introduction to Algorithms},
  publisher = 	 {The MIT Press},
  edition = 	 {4th},
  year = 	 {2022}
}

@InProceedings{AMO:CNF:Chen,
  author =       {Chen, Jingchao},
  title =        {A new {SAT} encoding of the at-most-one constraint},
  booktitle =    {ModRef~2010, the 9th International Workshop on
                  Constraint Modelling and Reformulation},
  editor =       {Mancini, Toni and Pearson, Justin},
  year =         {2010},
  note =         {Available at
                  \url{http://optimisation.research.it.uu.se/ModRef10}}
}

@InProceedings{AMO:CNF:Nguyen,
  author =       {Nguyen, Van-Hau and Mai, Son T.},
  title =        {A new method to encode the at-most-one constraint
                  into {SAT}},
  booktitle =    {SoICT~2015},
  editor =       {Thang, Huynh Quyet and Phuong, Le Anh and De Raedt,
                  Luc and Deville, Yves and others},
  pages =        {46-53},
  publisher =    {ACM},
  year =         {2015},
  note =         {Available at
                  \url{https://dx.doi.org/10.1145/2833258.2833293}}
}

@InCollection{CNFencodings,
  author = 	 {Prestwich, Steven},
  title = 	 {{CNF} encodings},
  booktitle =    {Handbook of Satisfiability},
  editor = 	 {Biere, Armin and Heule, Marijn and van Maaren, Hans
                  and Walsh, Toby},
  series = 	 {Frontiers in Artificial Intelligence and Applications},
  volume = 	 {185},
  chapter = 	 {2},
  pages = 	 {75-97},
  publisher = 	 {IOS Press},
  year = 	 {2009},
  note = 	 {Available at
                  \url{https://dx.doi.org/10.3233/978-1-58603-929-5-75}
                  and
                  \url{https://www.researchgate.net/publication/242029085_CNF_encodings}}
}

@InProceedings{AMK:CNF:Sinz,
  author =       {Sinz, Carsten},
  title =        {Towards an optimal {CNF} encoding of {Boolean}
                  cardinality constraints},
  booktitle =    {CP~2005},
  editor =       {van Beek, Peter}, 
  series =       {LNCS},
  volume =       {3709},
  pages =        {827-831},
  publisher =    {Springer},
  year =         {2005},
  note =         {Available at
                  \url{https://dx.doi.org/10.1007/11564751_73};
                  extended and corrected
                  ($\textnormal{LT}^{n,k}_\textnormal{SEQ}$ has
                  $2nk+n-3k-1$ clauses) at
                  \url{http://www.carstensinz.de/techreports/CardConstraints.pdf}}
}

@Article{ASTRA:AOC,
  author =       {Sivertsson, Olof and Flener, Pierre and Pearson, Justin},
  title =        {A bound on the overlap of same-sized sets},
  journal =      {Annals of Combinatorics},
  volume =       {12},
  number =       {3},
  pages =        {347-352},
  month =        {October},
  year =         {2008},
  note =         {Available at
                  \url{https://dx.doi.org/10.1007/s00026-008-0355-0}}
}

@InProceedings{AMK:CNF:Zhou,
  author =       {Zhou, Neng{-}Fa and Kjellerstrand, H{\aa}kan},
  title =        {Optimizing {SAT} encodings for arithmetic constraints},
  booktitle =    {CP~2017},
  editor =       {Beck, J. Christopher}, 
  series =       {LNCS},
  volume =       {10416},
  pages =        {671-686},
  publisher =    {Springer},
  year =         {2017},
  note =         {Available at
                  \url{https://doi.org/10.1007/978-3-319-66158-2_43}}
}
